<record><leader>00000cas a2200000 a 4500</leader><controlfield tag="001">8398909</controlfield><controlfield tag="008">820505c19769999pausr ne      0   z0korrd</controlfield><controlfield tag="009">54</controlfield><datafield ind1=" " ind2=" " tag="010"><subfield code="a">sn 87080522 </subfield></datafield><datafield ind1=" " ind2=" " tag="040"><subfield code="a">PIT</subfield><subfield code="b">eng</subfield><subfield code="c">PIT</subfield><subfield code="d">OCL</subfield><subfield code="d">NPH</subfield><subfield code="d">CNK</subfield><subfield code="d">OCL</subfield></datafield><datafield ind1=" " ind2=" " tag="042"><subfield code="a">msc</subfield></datafield><datafield ind1=" " ind2=" " tag="043"><subfield code="a">a-kr---</subfield></datafield><datafield ind1=" " ind2=" " tag="090"><subfield code="a">Newspaper</subfield></datafield><datafield ind1="0" ind2=" " tag="130"><subfield code="a">Chayu si&#772;nmun (Philadelphia, Pa.)</subfield></datafield><datafield ind1="0" ind2="0" tag="245"><subfield code="a">Chayu si&#772;nmun =</subfield><subfield code="b">The Korea guardian.</subfield></datafield><datafield ind1="1" ind2="1" tag="246"><subfield code="a">Korea guardian</subfield></datafield><datafield ind1="1" ind2="0" tag="246"><subfield code="a">Cha you shin mun</subfield></datafield><datafield ind1=" " ind2=" " tag="260"><subfield code="a">Philadelphia, Pa. :</subfield><subfield code="b">Mahn Suh Park,</subfield><subfield code="c">1976-</subfield></datafield><datafield ind1=" " ind2=" " tag="300"><subfield code="a">v. :</subfield><subfield code="b">ill. ;</subfield><subfield code="c">58 cm.</subfield></datafield><datafield ind1=" " ind2=" " tag="310"><subfield code="a">Semiweekly,</subfield><subfield code="b">Jan. 8, 1983-&lt; &gt;</subfield></datafield><datafield ind1=" " ind2=" " tag="321"><subfield code="a">Frequency varies,</subfield><subfield code="b">Sept. 4, 1976-Jan. 5, 1983</subfield></datafield><datafield ind1="0" ind2=" " tag="362"><subfield code="a">No. 114 (Sept. 4, 1976)-</subfield></datafield><datafield ind1=" " ind2=" " tag="500"><subfield code="a">Title serves: New York, N.Y. and Philadelphia, Pa., &lt;Sept. 25, 1976&gt;-May 4, 1984; Philadelphia, Pa., May 8, 1984-&lt; &gt;.</subfield></datafield><datafield ind1=" " ind2=" " tag="752"><subfield code="a">United States</subfield><subfield code="b">Pennsylvania</subfield><subfield code="c">Philadelphia</subfield><subfield code="d">Philadelphia.</subfield></datafield><datafield ind1=" " ind2=" " tag="752"><subfield code="a">United States</subfield><subfield code="b">New York</subfield><subfield code="c">New York</subfield><subfield code="d">New York.</subfield></datafield><datafield ind1="0" ind2="0" tag="780"><subfield code="t">Han'guk chayu si&#772;nmun</subfield><subfield code="w">(DLC)sn 87080523</subfield></datafield></record>